
@article{nitzan2018kinetic,
	author = {Nitzan, Abraham and Galperin, Michael},
	title = {Kinetic Schemes in Open Interacting Systems},
	journal = {The Journal of Physical Chemistry Letters},
	volume = {9},
	number = {17},
	pages = {4886-4892},
	year = {2018},
	doi = {10.1021/acs.jpclett.8b01886}
}




@article{landauer1957spatial,
  title={Spatial variation of currents and fields due to localized scatterers in metallic conduction},
  author={Landauer, Rolf},
  journal={IBM Journal of Research and Development},
  volume={1},
  number={3},
  pages={223--231},
  year={1957},
  publisher={IBM}
}

@article{buttiker1986four,
  title={Four-terminal phase-coherent conductance},
  author={B{\"u}ttiker, M},
  journal={Physical review letters},
  volume={57},
  number={14},
  pages={1761},
  year={1986},
  publisher={APS}
}

@article{lu2007coupled,
  title={Coupled electron and phonon transport in one-dimensional atomic junctions},
  author={L{\"u}, J-T and Wang, Jian-Sheng},
  journal={Physical Review B},
  volume={76},
  number={16},
  pages={165418},
  year={2007},
  publisher={APS}
}

@article{lu2016electron,
  title={Electron and phonon drag in thermoelectric transport through coherent molecular conductors},
  author={L{\"u}, Jing-Tao and Wang, Jian-Sheng and Hedeg{\aa}rd, Per and Brandbyge, Mads},
  journal={Physical Review B},
  volume={93},
  number={20},
  pages={205404},
  year={2016},
  publisher={APS}
}

@article{wurfel1982chemical,
  title={The chemical potential of radiation},
  author={Wurfel, Peter},
  journal={Journal of Physics C: Solid State Physics},
  volume={15},
  number={18},
  pages={3967},
  year={1982},
  publisher={IOP Publishing}
}

@article{lu2011laserlike,
  title={Laserlike vibrational instability in rectifying molecular conductors},
  author={L{\"u}, Jing-Tao and Hedeg{\aa}rd, Per and Brandbyge, Mads},
  journal={Physical review letters},
  volume={107},
  number={4},
  pages={046801},
  year={2011},
  publisher={APS}
}

@book{haug2008quantum,
  title={Quantum kinetics in transport and optics of semiconductors},
  author={Haug, H. and Jauho, A. P.},
  year={2008},
  publisher={Springer-Verlag: Berlin}
}

@article{galperin2007molecular,
  title={Molecular transport junctions: vibrational effects},
  author={Galperin, Michael and Ratner, Mark A and Nitzan, Abraham},
  journal={Journal of Physics: Condensed Matter},
  volume={19},
  number={10},
  pages={103201},
  year={2007},
  publisher={IOP Publishing}
}

@article{galperin2012molecular,
  title={Molecular optoelectronics: the interaction of molecular conduction junctions with light},
  author={Galperin, Michael and Nitzan, Abraham},
  journal={Physical Chemistry Chemical Physics},
  volume={14},
  number={26},
  pages={9421--9438},
  year={2012},
  publisher={Royal Society of Chemistry}
}

@article{wang2008quantum,
  title={Quantum thermal transport in nanostructures},
  author={Wang, J-S and Wang, Jian and L{\"u}, JT},
  journal={The European Physical Journal B},
  volume={62},
  number={4},
  pages={381--404},
  year={2008},
  publisher={Springer}
}

@article{ruokola2009thermal,
  title={Thermal rectification in nonlinear quantum circuits},
  author={Ruokola, Tomi and Ojanen, Teemu and Jauho, Antti-Pekka},
  journal={Physical Review B},
  volume={79},
  number={14},
  pages={144306},
  year={2009},
  publisher={APS}
}

@article{wang2016landauer,
  title={Landauer formulation of photon transport in driven systems},
  author={Wang, Chiao-Hsuan and Taylor, Jacob M},
  journal={Physical Review B},
  volume={94},
  number={15},
  pages={155437},
  year={2016},
  publisher={APS}
}

@article{ojanen2008mesoscopic,
  title={Mesoscopic photon heat transistor},
  author={Ojanen, Teemu and Jauho, Antti-Pekka},
  journal={Physical review letters},
  volume={100},
  number={15},
  pages={155902},
  year={2008},
  publisher={APS}
}

@article{taylor2015quantum,
  title={Quantum bounds on heat transport through nanojunctions},
  author={Taylor, Edward and Segal, Dvira},
  journal={Physical review letters},
  volume={114},
  number={22},
  pages={220401},
  year={2015},
  publisher={APS}
}

@article{meir1992landauer,
  title={Landauer formula for the current through an interacting electron region},
  author={Meir, Yigal and Wingreen, Ned S},
  journal={Physical review letters},
  volume={68},
  number={16},
  pages={2512},
  year={1992},
  publisher={APS}
}

@article{jauho1994time,
  title={Time-dependent transport in interacting and noninteracting resonant-tunneling systems},
  author={Jauho, Antti-Pekka and Wingreen, Ned S and Meir, Yigal},
  journal={Physical Review B},
  volume={50},
  number={8},
  pages={5528},
  year={1994},
  publisher={APS}
}

@article{lu2007coupled,
  title={Coupled electron and phonon transport in one-dimensional atomic junctions},
  author={L{\"u}, JT and Wang, Jian-Sheng},
  journal={Physical Review B},
  volume={76},
  number={16},
  pages={165418},
  year={2007},
  publisher={APS}
}

@article{wang2007nonequilibrium,
  title={Nonequilibrium Green’s function method for thermal transport in junctions},
  author={Wang, Jian-Sheng and Zeng, Nan and Wang, Jian and Gan, Chee Kwan},
  journal={Physical Review E},
  volume={75},
  number={6},
  pages={061128},
  year={2007},
  publisher={APS}
}

@article{wang2006nonequilibrium,
  title={Nonequilibrium Green’s function approach to mesoscopic thermal transport},
  author={Wang, Jian-Sheng and Wang, Jian and Zeng, Nan},
  journal={Physical Review B},
  volume={74},
  number={3},
  pages={033408},
  year={2006},
  publisher={APS}
}

@article{li2012colloquium,
  title={Colloquium: Phononics: Manipulating heat flow with electronic analogs and beyond},
  author={Li, Nianbei and Ren, Jie and Wang, Lei and Zhang, Gang and H{\"a}nggi, Peter and Li, Baowen},
  journal={Reviews of Modern Physics},
  volume={84},
  number={3},
  pages={1045},
  year={2012},
  publisher={APS}
}

@article{lu2007coupled,
  title={Coupled electron and phonon transport in one-dimensional atomic junctions},
  author={L{\"u}, JT and Wang, Jian-Sheng},
  journal={Physical Review B},
  volume={76},
  number={16},
  pages={165418},
  year={2007},
  publisher={APS}
}

@article{nian2018fano,
  title={On the Fano line shape of single molecule electroluminescence induced by a scanning tunneling microscope},
  author={Nian, Lei-Lei and Wang, Yongfeng and L\"u, Jing-Tao},
  journal={Nano letters},
  volume={18},
  number={11},
  pages={6826--6831},
  year={2018},
  publisher={ACS Publications}
}

@article{biehs2011nanoscale,
  title={Nanoscale heat flux between nanoporous materials},
  author={Biehs, S-A and Ben-Abdallah, Philippe and Rosa, FSS and Joulain, Karl and Greffet, J-J},
  journal={Optics express},
  volume={19},
  number={105},
  pages={A1088--A1103},
  year={2011},
  publisher={Optical Society of America}
}

@article{moncada2015magnetic,
  title={Magnetic field control of near-field radiative heat transfer and the realization of highly tunable hyperbolic thermal emitters},
  author={Moncada-Villa, Edwin and Fern{\'a}ndez-Hurtado, Victor and Garcia-Vidal, Francisco J and Garc{\'\i}a-Mart{\'\i}n, Antonio and Cuevas, Juan Carlos},
  journal={Physical Review B},
  volume={92},
  number={12},
  pages={125418},
  year={2015},
  publisher={APS}
}

@article{ben2019thermal,
  title={Thermal photon drag in many-body systems},
  author={Ben-Abdallah, Philippe},
  journal={Physical Review B},
  volume={99},
  number={20},
  pages={201406},
  year={2019},
  publisher={APS}
}

@article{zhu2016persistent,
  title={Persistent directional current at equilibrium in nonreciprocal many-body near field electromagnetic heat transfer},
  author={Zhu, Linxiao and Fan, Shanhui},
  journal={Physical review letters},
  volume={117},
  number={13},
  pages={134303},
  year={2016},
  publisher={APS}
}

@article{ben2016photon,
  title={Photon thermal hall effect},
  author={Ben-Abdallah, Philippe},
  journal={Physical review letters},
  volume={116},
  number={8},
  pages={084301},
  year={2016},
  publisher={APS}
}

@article{latella2017giant,
  title={Giant thermal magnetoresistance in plasmonic structures},
  author={Latella, Ivan and Ben-Abdallah, Philippe},
  journal={Physical review letters},
  volume={118},
  number={17},
  pages={173902},
  year={2017},
  publisher={APS}
}

@article{zhu2018theory,
  title={Theory of many-body radiative heat transfer without the constraint of reciprocity},
  author={Zhu, Linxiao and Guo, Yu and Fan, Shanhui},
  journal={Physical Review B},
  volume={97},
  number={9},
  pages={094302},
  year={2018},
  publisher={APS}
}

@article{chen2016near,
  title={Near-field enhanced negative luminescent refrigeration},
  author={Chen, Kaifeng and Santhanam, Parthiban and Fan, Shanhui},
  journal={Physical Review Applied},
  volume={6},
  number={2},
  pages={024014},
  year={2016},
  publisher={APS}
}

@article{chen2015heat,
  title={Heat-flux control and solid-state cooling by regulating chemical potential of photons in near-field electromagnetic heat transfer},
  author={Chen, Kaifeng and Santhanam, Parthiban and Sandhu, Sunil and Zhu, Linxiao and Fan, Shanhui},
  journal={Physical Review B},
  volume={91},
  number={13},
  pages={134301},
  year={2015},
  publisher={APS}
}

@article{wurfel1982chemical,
  title={The chemical potential of radiation},
  author={Wurfel, Peter},
  journal={Journal of Physics C: Solid State Physics},
  volume={15},
  number={18},
  pages={3967},
  year={1982},
  publisher={IOP Publishing}
}

@article{herrmann2005light,
  title={Light with nonzero chemical potential},
  author={Herrmann, F and W{\"u}rfel, P},
  journal={American journal of physics},
  volume={73},
  number={8},
  pages={717--721},
  year={2005},
  publisher={AAPT}
}

@article{yu2004inelastic,
  title={Inelastic electron tunneling via molecular vibrations in single-molecule transistors},
  author={Yu, LH and Keane, Zachary K and Ciszek, Jacob W and Cheng, Long and Stewart, MP and Tour, JM and Natelson, D},
  journal={Physical review letters},
  volume={93},
  number={26},
  pages={266802},
  year={2004},
  publisher={APS}
}

@article{huang2007local,
  title={Local ionic and electron heating in single-molecule junctions},
  author={Huang, Zhifeng and Chen, Fang and D'agosta, Roberto and Bennett, Peter A and Di Ventra, Massimiliano and Tao, Nongjian},
  journal={Nature nanotechnology},
  volume={2},
  number={11},
  pages={698},
  year={2007},
  publisher={Nature Publishing Group}
}

@article{ioffe2008detection,
  title={Detection of heating in current-carrying molecular junctions by Raman scattering},
  author={Ioffe, Zvi and Shamai, Tamar and Ophir, Ayelet and Noy, Gilad and Yutsis, Ilan and Kfir, Kobi and Cheshnovsky, Ori and Selzer, Yoram},
  journal={Nature nanotechnology},
  volume={3},
  number={12},
  pages={727},
  year={2008},
  publisher={Nature Publishing Group}
}

@article{hartle2011vibrational,
  title={Vibrational instabilities in resonant electron transport through single-molecule junctions},
  author={H{\"a}rtle, R and Thoss, M},
  journal={Physical Review B},
  volume={83},
  number={12},
  pages={125419},
  year={2011},
  publisher={APS}
}


@article{simine2012vibrational,
  title={Vibrational cooling, heating, and instability in molecular conducting junctions: full counting statistics analysis},
  author={Simine, Lena and Segal, Dvira},
  journal={Physical Chemistry Chemical Physics},
  volume={14},
  number={40},
  pages={13820--13834},
  year={2012},
  publisher={Royal Society of Chemistry}
}


@article{qiu2003vibrationally,
  title={Vibrationally resolved fluorescence excited with submolecular precision},
  author={Qiu, XH and Nazin, GV and Ho, W},
  journal={Science},
  volume={299},
  number={5606},
  pages={542--546},
  year={2003},
  publisher={American Association for the Advancement of Science}
}

@article{tian2011density,
  title={Density-matrix approach for the electroluminescence of molecules in a scanning tunneling microscope},
  author={Tian, Guangjun and Liu, Ji-Cai and Luo, Yi},
  journal={Physical review letters},
  volume={106},
  number={17},
  pages={177401},
  year={2011},
  publisher={APS}
}

@article{reecht2014electroluminescence,
  title={Electroluminescence of a polythiophene molecular wire suspended between a metallic surface and the tip of a scanning tunneling microscope},
  author={Reecht, Ga{\"e}l and Scheurer, Fabrice and Speisser, Virginie and Dappe, Yannick J and Mathevet, Fabrice and Schull, Guillaume},
  journal={Physical review letters},
  volume={112},
  number={4},
  pages={047403},
  year={2014},
  publisher={APS}
}

@article{zhu2013self,
  title={Self-decoupled porphyrin with a tripodal anchor for molecular-scale electroluminescence},
  author={Zhu, San-E and Kuang, Yan-Min and Geng, Feng and Zhu, Jia-Zhe and Wang, Cong-Zhou and Yu, Yun-Jie and Luo, Yang and Xiao, Yang and Liu, Kai-Qing and Meng, Qiu-Shi and others},
  journal={Journal of the American Chemical Society},
  volume={135},
  number={42},
  pages={15794--15800},
  year={2013},
  publisher={ACS Publications}
}

@article{bergfield2018signatures,
  title={Signatures of Plexitonic States in Molecular Electroluminescence},
  author={Bergfield, Justin P and Hendrickson, Joshua R},
  journal={Scientific reports},
  volume={8},
  number={1},
  pages={2314},
  year={2018},
  publisher={Nature Publishing Group}
}

@article{epstein1995observation,
  title={Observation of laser-induced fluorescent cooling of a solid},
  author={Epstein, Richard I and Buchwald, Melvin I and Edwards, Bradley C and Gosnell, Timothy R and Mungan, Carl E},
  journal={Nature},
  volume={377},
  number={6549},
  pages={500},
  year={1995},
  publisher={Nature Publishing Group}
}

@article{zhu2019near,
  title={Near-field photonic cooling through control of the chemical potential of photons},
  author={Zhu, Linxiao and Fiorino, Anthony and Thompson, Dakotah and Mittapally, Rohith and Meyhofer, Edgar and Reddy, Pramod},
  journal={Nature},
  volume={566},
  number={7743},
  pages={239},
  year={2019},
  publisher={Nature Publishing Group}
}

@article{chen2016near,
  title={Near-field enhanced negative luminescent refrigeration},
  author={Chen, Kaifeng and Santhanam, Parthiban and Fan, Shanhui},
  journal={Physical Review Applied},
  volume={6},
  number={2},
  pages={024014},
  year={2016},
  publisher={APS}
}

@article{hartle2018cooling,
  title={Cooling by heating in nonequilibrium nanosystems},
  author={H{\"a}rtle, R and Schinabeck, C and Kulkarni, M and Gelbwaser-Klimovsky, D and Thoss, M and Peskin, U},
  journal={Physical Review B},
  volume={98},
  number={8},
  pages={081404},
  year={2018},
  publisher={APS}
}

@article{galperin2009cooling,
  title={Cooling mechanisms in molecular conduction junctions},
  author={Galperin, Michael and Saito, Keiji and Balatsky, Alexander V and Nitzan, Abraham},
  journal={Physical Review B},
  volume={80},
  number={11},
  pages={115427},
  year={2009},
  publisher={APS}
}

@article{hartle2011resonant,
  title={Resonant electron transport in single-molecule junctions: Vibrational excitation, rectification, negative differential resistance, and local cooling},
  author={H{\"a}rtle, R and Thoss, M},
  journal={Physical Review B},
  volume={83},
  number={11},
  pages={115414},
  year={2011},
  publisher={APS}
}

@article{ren2013heat,
  title={Heat diode effect and negative differential thermal conductance across nanoscale metal-dielectric interfaces},
  author={Ren, Jie and Zhu, Jian-Xin},
  journal={Physical Review B},
  volume={87},
  number={24},
  pages={241412},
  year={2013},
  publisher={APS}
}

@article{zhang2013thermal,
  title={Thermal transport across metal--insulator interface via electron--phonon interaction},
  author={Zhang, Lifa and L{\"u}, Jing-Tao and Wang, Jian-Sheng and Li, Baowen},
  journal={Journal of Physics: Condensed Matter},
  volume={25},
  number={44},
  pages={445801},
  year={2013},
  publisher={IOP Publishing}
}

@article{zhang2017thermal,
  title={Thermal transport through a spin-phonon interacting junction: A nonequilibrium Green's function method study},
  author={Zhang, Zu-Quan and L{\"u}, Jing-Tao},
  journal={Physical Review B},
  volume={96},
  number={12},
  pages={125432},
  year={2017},
  publisher={APS}
}

@article{ben2016photon,
  title={Photon thermal hall effect},
  author={Ben-Abdallah, Philippe},
  journal={Physical review letters},
  volume={116},
  number={8},
  pages={084301},
  year={2016},
  publisher={APS}
}

@article{ben2019thermal,
  title={Thermal photon drag in many-body systems},
  author={Ben-Abdallah, Philippe},
  journal={Physical Review B},
  volume={99},
  number={20},
  pages={201406},
  year={2019},
  publisher={APS}
}

@article{fiorino2018thermal,
  title={A thermal diode based on nanoscale thermal radiation},
  author={Fiorino, Anthony and Thompson, Dakotah and Zhu, Linxiao and Mittapally, Rohith and Biehs, Svend-Age and Bezencenet, Odile and El-Bondry, Nadia and Bansropun, Shailendra and Ben-Abdallah, Philippe and Meyhofer, Edgar and others},
  journal={ACS nano},
  volume={12},
  number={6},
  pages={5774--5779},
  year={2018},
  publisher={ACS Publications}
}